[1]@article{Larochelle:2009:EST:1577069.1577070,
 author = {Larochelle, Hugo and Bengio, Yoshua and Louradour, J{\'e}r\^{o}me and Lamblin, Pascal},
 title = {Exploring Strategies for Training Deep Neural Networks},
 journal = {J. Mach. Learn. Res.},
 issue_date = {12/1/2009},
 volume = {10},
 month = jun,
 year = {2009},
 issn = {1532-4435},
 pages = {1--40},
 numpages = {40},
 url = {http://dl.acm.org/citation.cfm?id=1577069.1577070},
 acmid = {1577070},
 publisher = {JMLR.org},
}
[2]@article{Hinton:2006:FLA:1161603.1161605,
 author = {Hinton, Geoffrey E. and Osindero, Simon and Teh, Yee-Whye},
 title = {A Fast Learning Algorithm for Deep Belief Nets},
 journal = {Neural Comput.},
 issue_date = {July 2006},
 volume = {18},
 number = {7},
 month = jul,
 year = {2006},
 issn = {0899-7667},
 pages = {1527--1554},
 numpages = {28},
 url = {http://dx.doi.org/10.1162/neco.2006.18.7.1527},
 doi = {10.1162/neco.2006.18.7.1527},
 acmid = {1161605},
 publisher = {MIT Press},
 address = {Cambridge, MA, USA},
}
[4]@incollection{Fahlman:1990:CLA:109230.107380,
 author = {Fahlman, Scott E. and Lebiere, Christian},
 chapter = {The Cascade-correlation Learning Architecture},
 title = {Advances in Neural Information Processing Systems 2},
 editor = {Touretzky, David S.},
 year = {1990},
 isbn = {1-55860-100-7},
 pages = {524--532},
 numpages = {9},
 url = {http://dl.acm.org/citation.cfm?id=109230.107380},
 acmid = {107380},
 publisher = {Morgan Kaufmann Publishers Inc.},
 address = {San Francisco, CA, USA},
}
[5]@inproceedings{Schmidhuber:2012:MDN:2354409.2354694,
 author = {Schmidhuber, Jurgen},
 title = {Multi-column Deep Neural Networks for Image Classification},
 booktitle = {Proceedings of the 2012 IEEE Conference on Computer Vision and Pattern Recognition (CVPR)},
 series = {CVPR '12},
 year = {2012},
 isbn = {978-1-4673-1226-4},
 pages = {3642--3649},
 numpages = {8},
 url = {http://dl.acm.org/citation.cfm?id=2354409.2354694},
 acmid = {2354694},
 publisher = {IEEE Computer Society},
 address = {Washington, DC, USA},
 keywords = {Training,Error analysis,Neurons,Computer architecture,Benchmark testing,Graphics processing unit},
}
[6]@article{Ciresan:2010:DBS:1943016.1943024,
 author = {Cire\c{s}an, Dan Claudiu and Meier, Ueli and Gambardella, Luca Maria and Schmidhuber, J\"{u}rgen},
 title = {Deep, Big Neural Nets for Handwritten Digit Recognition},
 journal = {Neural Comput.},
 issue_date = {December 2010},
 volume = {22},
 number = {12},
 month = dec,
 year = {2010},
 issn = {0899-7667},
 pages = {3207--3220},
 numpages = {14},
 url = {http://dx.doi.org/10.1162/NECO_a_00052},
 doi = {10.1162/NECO_a_00052},
 acmid = {1943024},
 publisher = {MIT Press},
 address = {Cambridge, MA, USA},
}
[7]@inproceedings{Ciresan:2011:FHP:2283516.2283603,
 author = {Cire\c{s}an, Dan C. and Meier, Ueli and Masci, Jonathan and Gambardella, Luca M. and Schmidhuber, J\"{u}rgen},
 title = {Flexible, High Performance Convolutional Neural Networks for Image Classification},
 booktitle = {Proceedings of the Twenty-Second International Joint Conference on Artificial Intelligence - Volume Volume Two},
 series = {IJCAI'11},
 year = {2011},
 isbn = {978-1-57735-514-4},
 location = {Barcelona, Catalonia, Spain},
 pages = {1237--1242},
 numpages = {6},
 url = {http://dx.doi.org/10.5591/978-1-57735-516-8/IJCAI11-210},
 doi = {10.5591/978-1-57735-516-8/IJCAI11-210},
 acmid = {2283603},
 publisher = {AAAI Press},
}
[8]@inproceedings{Lee:2009:CDB:1553374.1553453,
 author = {Lee, Honglak and Grosse, Roger and Ranganath, Rajesh and Ng, Andrew Y.},
 title = {Convolutional Deep Belief Networks for Scalable Unsupervised Learning of Hierarchical Representations},
 booktitle = {Proceedings of the 26th Annual International Conference on Machine Learning},
 series = {ICML '09},
 year = {2009},
 isbn = {978-1-60558-516-1},
 location = {Montreal, Quebec, Canada},
 pages = {609--616},
 numpages = {8},
 url = {http://doi.acm.org/10.1145/1553374.1553453},
 doi = {10.1145/1553374.1553453},
 acmid = {1553453},
 publisher = {ACM},
 address = {New York, NY, USA},
}
[9]@incollection{NIPS2012_4824,
title = {ImageNet Classification with Deep Convolutional Neural Networks},
author = {Alex Krizhevsky and Sutskever, Ilya and Geoffrey E. Hinton},
booktitle = {Advances in Neural Information Processing Systems 25},
editor = {F. Pereira and C.J.C. Burges and L. Bottou and K.Q. Weinberger},
pages = {1097--1105},
year = {2012},
publisher = {Curran Associates, Inc.},
url = {http://papers.nips.cc/paper/4824-imagenet-classification-with-deep-convolutional-neural-networks.pdf}
}
@article{REF08a,
  author = {Rong-En Fan and Kai-Wei Chang and Cho-Jui Hsieh and Xiang-Rui Wang and Chih-Jen Lin},
  title = {{LIBLINEAR}: A Library for Large Linear Classification},
  journal = {Journal of Machine Learning Research},
  year = {2008},
  volume = {9},
  pages = {1871--1874},
  note =	{Software available at \url{http://www.csie.ntu.edu.tw/~cjlin/liblinear/}}
}
@article{CC01a,
 author = {Chang, Chih-Chung and Lin, Chih-Jen},
 title = {{LIBSVM}: A library for support vector machines},
 journal = {ACM Transactions on Intelligent Systems and Technology},
 volume = {2},
 issue = {3},
 year = {2011},
 pages = {27:1--27:27},
 note =	{Software available at \url{http://www.csie.ntu.edu.tw/~cjlin/libsvm}}
}
@misc{ANg13t,
  author = "Ng, Andrew and Ngiam, Jiquan and Foo, Chuan Yu and Mai, Yifan and Suen, Caroline",
  title = "UFLDL Tutorial",
  note = {Tutorial can be found at \url{http://deeplearning.stanford.edu/}},
  year = {2013}
}